@article{Verhamme2008,
author = {Verhamme, A and Schaerer, D and Atek, H and Tapken, C},
doi = {10.1051/0004-6361},
file = {:home/nicolas/.local/share/data/Mendeley Ltd./Mendeley Desktop/Downloaded/Verhamme et al. - 2008 - 3D Ly $\alpha$ radiation transfer III . Constraints on gas and stellar properties of z ∼ 3 Lyman break galaxies ( LBG ) and implications for high-z LBGs and Ly $\alpha$ emitters.pdf:pdf},
keywords = {galaxies,high-redshift,ism,line,profiles,radiative transfer,starburst,ultraviolet},
pages = {89--111},
title = {{3D Ly $\alpha$ radiation transfer III . Constraints on gas and stellar properties of z ∼ 3 Lyman break galaxies ( LBG ) and implications for high-z LBGs and Ly $\alpha$ emitters}},
volume = {111},
year = {2008}
}
